%% Saved with string encoding Unicode (UTF-8)

@article{tHooft:1971qjg,
	Author = {'t Hooft, Gerard},
	Doi = {10.1016/0550-3213(71)90139-8},
	Journal = {Nucl. Phys. B},
	Pages = {167-188},
	Title = {Renormalizable Lagrangians for massive Yang--Mills fields},
	Volume = {35},
	Year = {1971}}

@article{tHooft:1972tcz,
	Author = {'t Hooft, Gerard and Veltman, M.},
	Doi = {10.1016/0550-3213(72)90279-9},
	Journal = {Nucl. Phys. B},
	Pages = {189-213},
	Title = {Regularization and renormalization of gauge fields},
	Volume = {44},
	Year = {1972}}

@article{tHooft:1972qbu,
	Author = {'t Hooft, Gerard and Veltman, M.},
	Doi = {10.1016/S0550-3213(72)80021-X},
	Journal = {Nucl. Phys. B},
	Pages = {318-353},
	Title = {{Combinatorics of gauge fields}},
	Volume = {50},
	Year = {1972}}

@article{tHooft:1971akt,
	Author = {'t Hooft, Gerard},
	Doi = {10.1016/0550-3213(71)90395-6},
	Journal = {Nucl. Phys. B},
	Pages = {173-199},
	Title = {Renormalization of massless Yang--Mills fields},
	Volume = {33},
	Year = {1971}}

@article{Gross:1973id,
	Author = {Gross, David J. and Wilczek, Frank},
	Doi = {10.1103/PhysRevLett.30.1343},
	Journal = {Phys. Rev. Lett.},
	Pages = {1343-1346},
	Title = {{Ultraviolet Behavior of Nonabelian Gauge Theories}},
	Volume = {30},
	Year = {1973}}

@article{Politzer:1973fx,
	Author = {Politzer, H. David},
	Doi = {10.1103/PhysRevLett.30.1346},
	Journal = {Phys. Rev. Lett.},
	Pages = {1346-1349},
	Title = {{Reliable Perturbative Results for Strong Interactions?}},
	Volume = {30},
	Year = {1973}}

@article{Georgi:1972cj,
	Author = {Georgi, Howard and Glashow, Sheldon L.},
	Doi = {10.1103/PhysRevLett.28.1494},
	Journal = {Phys. Rev. Lett.},
	Pages = {1494},
	Title = {Unified Weak and Electromagnetic Interactions without Neutral Currents},
	Volume = {28},
	Year = {1972}}

@article{Glashow:1970gm,
	Author = {Glashow, S. L. and Iliopoulos, J. and Maiani, L.},
	Doi = {10.1103/PhysRevD.2.1285},
	Journal = {Phys. Rev. D},
	Pages = {1285-1292},
	Title = {{Weak Interactions with Lepton--Hadron Symmetry}},
	Volume = {2},
	Year = {1970}}

@article{Salam:1968rm,
	Author = {Salam, Abdus},
	Doi = {10.1142/9789812795915_0034},
	Journal = {Conf. Proc.},
	Pages = {367-377},
	Title = {Weak and electromagnetic interactions},
	Volume = {C680519},
	Year = {1968}}

@article{Weinberg:1967tq,
	Author = {Weinberg, Steven},
	Doi = {10.1103/PhysRevLett.19.1264},
	Journal = {Phys. Rev. Lett.},
	Pages = {1264-1266},
	Title = {{A Model of Leptons}},
	Volume = {19},
	Year = {1967}}

@article{Glashow:1961tr,
	Author = {Glashow, S. L.},
	Doi = {10.1016/0029-5582(61)90469-2},
	Journal = {Nucl. Phys.},
	Pages = {579-588},
	Title = {Partial-symmetries of weak interactions},
	Volume = {22},
	Year = {1961}}

@article{PhysRevD.98.030001,
	author = {Tanabashi, M. and others},
	collaboration = {Particle Data Group},
	doi = {10.1103/PhysRevD.98.030001},
	issue = {3},
	journal = {Phys. Rev. D},
	month = {08},
	pages = {030001},
	title = {Review of Particle Physics},
	volume = {98},
	year = {2018}}
